<?xml version="1.0" encoding="UTF-8"?><collection xmlns="http://www.loc.gov/MARC21/slim"><record><leader>00421nam--2200133-i-4500</leader><controlfield tag="001">000014194</controlfield><controlfield tag="002">20161230</controlfield><controlfield tag="005">20161230201030</controlfield><controlfield tag="008">060222s1000------------r-----000-0-eng-d</controlfield><datafield ind1=" " ind2=" " tag="080"><subfield code="a">621.039.8.002:061.62(047.3)</subfield></datafield><datafield ind1=" " ind2=" " tag="245"><subfield code="a">60 years of the institute for research, produc tion and application of radioisotopes 1919-197 9</subfield></datafield><datafield ind1=" " ind2=" " tag="260"><subfield code="a">Prague, Nuclear Information Centre, 1981. 90 P</subfield></datafield><datafield ind1=" " ind2=" " tag="700"><subfield code="a">Chorvat, Karol</subfield></datafield><datafield ind1=" " ind2=" " tag="852"><subfield code="a">70175</subfield></datafield></record></collection>